<?xml version="1.0" encoding="UTF-8"?><record xmlns="http://www.loc.gov/MARC21/slim" xmlns:cinclude="http://apache.org/cocoon/include/1.0" xmlns:zs="http://www.loc.gov/zing/srw/">
  <leader>00498cz  a2200157n  4500</leader>
  <controlfield tag="001">no2010197088</controlfield>
  <controlfield tag="003">DLC</controlfield>
  <controlfield tag="005">20130327091517.0</controlfield>
  <controlfield tag="008">101206n| azannaabn          |a aaa     c</controlfield>
  <datafield tag="010" ind1=" " ind2=" ">
    <subfield code="a">no2010197088</subfield>
  </datafield>
  <datafield tag="035" ind1=" " ind2=" ">
    <subfield code="a">(OCoLC)oca08706286</subfield>
  </datafield>
  <datafield tag="040" ind1=" " ind2=" ">
    <subfield code="a">TxU-Mu</subfield>
    <subfield code="b">eng</subfield>
    <subfield code="e">rda</subfield>
    <subfield code="c">TxU-Mu</subfield>
    <subfield code="d">DLC</subfield>
  </datafield>
  <datafield tag="100" ind1="0" ind2=" ">
    <subfield code="a">Peace Orchestra</subfield>
    <subfield code="c">(Musician)</subfield>
  </datafield>
  <datafield tag="500" ind1="1" ind2=" ">
    <subfield code="a">Kruder, Peter</subfield>
  </datafield>
  <datafield tag="670" ind1=" " ind2=" ">
    <subfield code="a">Peace Orchestra [SR] 2002:</subfield>
    <subfield code="b">label (Peace Orchestra)</subfield>
  </datafield>
  <datafield tag="670" ind1=" " ind2=" ">
    <subfield code="a">All music guide WWW site, Dec. 6, 2010</subfield>
    <subfield code="b">(Peace Orchestra; alias of Peter Kruder)</subfield>
  </datafield>
</record>